<record><leader>00000cas a2200000 a 4500</leader><controlfield tag="001">11992455</controlfield><controlfield tag="008">850502d19061943ksuzr ne      0    0eng d</controlfield><datafield ind1=" " ind2=" " tag="010"><subfield code="a">sn 85030233 </subfield></datafield><datafield ind1=" " ind2=" " tag="040"><subfield code="a">KSH</subfield><subfield code="b">eng</subfield><subfield code="c">KSH</subfield><subfield code="d">NPT</subfield><subfield code="d">OCL</subfield><subfield code="d">OCLCQ</subfield></datafield><datafield ind1=" " ind2=" " tag="042"><subfield code="a">msc</subfield></datafield><datafield ind1="0" ind2="4" tag="245"><subfield code="a">The Olpe optimist.</subfield></datafield><datafield ind1=" " ind2=" " tag="260"><subfield code="a">Olpe, Kan. :</subfield><subfield code="b">H.B. Albertson,</subfield><subfield code="c">-1943.</subfield></datafield><datafield ind1=" " ind2=" " tag="300"><subfield code="a">37 v. :</subfield><subfield code="b">ill. ;</subfield><subfield code="c">40-49 cm.</subfield></datafield><datafield ind1=" " ind2=" " tag="310"><subfield code="a">Frequency varies</subfield></datafield><datafield ind1="0" ind2=" " tag="362"><subfield code="a">-Mar. 24, 1943.</subfield></datafield><datafield ind1="1" ind2=" " tag="362"><subfield code="a">Began in 1906.</subfield><subfield code="z">Cf. Ayer, 1907.</subfield></datafield><datafield ind1=" " ind2=" " tag="500"><subfield code="a">Published in Emporia, Kan., Apr. 16, 1919-Mar. 24, 1943.</subfield></datafield><datafield ind1=" " ind2=" " tag="500"><subfield code="a">Published by: L.M. Shearer &amp; E.C. Troemper, Aug. 6-Sept. 3, 1908; Lawrence Shearer, Sept. 10, 1908-Mar. 24, 1943.</subfield></datafield><datafield ind1=" " ind2=" " tag="515"><subfield code="a">Numbering is irregular.</subfield></datafield><datafield ind1=" " ind2=" " tag="752"><subfield code="a">United States</subfield><subfield code="b">Kansas</subfield><subfield code="c">Lyon</subfield><subfield code="d">Olpe.</subfield></datafield><datafield ind1=" " ind2=" " tag="752"><subfield code="a">United States</subfield><subfield code="b">Kansas</subfield><subfield code="c">Lyon</subfield><subfield code="d">Emporia.</subfield></datafield><datafield ind1="1" ind2=" " tag="029"><subfield code="a">AU@</subfield><subfield code="b">000020378417</subfield></datafield></record>